@article{govind2014optimizing,
  title={Optimizing the Netflix streaming experience with data science},
  author={Govind, Nirmal},
  journal={Netflix tech blog},
  volume={11},
  year={2014}
}

@article{govind2017A/B,
	Author = {Govind, Nirmal},
	Journal = {Netflix tech blog},
	Title = {A/\text{B} Testing and Beyond: Improving the Netflix Streaming Experience with Experimentation and Data Science},
	Volume = {Jun 13},
	Year = {2017}}

@book{koenker2005quantile,
  title={Quantile regression},
  author={Koenker, Roger},
  number={38},
  year={2005},
  publisher={Cambridge university press}
}

@article{koenker1994quantile,
  title={Quantile smoothing splines},
  author={Koenker, Roger and Ng, Pin and Portnoy, Stephen},
  journal={Biometrika},
  volume={81},
  number={4},
  pages={673--680},
  year={1994},
  publisher={Oxford University Press}
}

@article{bickel2012resampling,
  title={Resampling fewer than n observations: gains, losses, and remedies for losses},
  author={Bickel, Peter J and G{\"o}tze, Friedrich and van Zwet, Willem R},
  journal={Statistica Sinica},
  volume={7},
  pages={1--31},
  year={1997}
}

@article{Reich2010,
	Author = {Reich, Brian J. and Howard D. Bondell and Huixia Wang},
	Date-Added = {2018-04-01 22:26:58 +0000},
	Date-Modified = {2018-04-01 22:28:09 +0000},
	Journal = {Biostatistics},
	Number = {2},
	Pages = {337-352},
	Title = {Felxible Bayesian quantile regression for independent and clustered
data},
	Volume = {11},
	Year = {2010}}

@article{cox1983asymptotics,
  title={Asymptotics for M-type smoothing splines},
  author={Cox, Dennis D},
  journal={The Annals of Statistics},
  pages={530--551},
  year={1983},
  publisher={JSTOR}
}

@inproceedings{akaike1973problems,
  title={Problems of control and information},
  author={Akaike, H},
  booktitle={2nd International Symposium on Information Theory, Budapest: Akademiai Kaido},
  pages={267--281},
  year={1973}
}

@article{schwarz1978estimating,
  title={Estimating the dimension of a model The Annals of Statistics 6 (2), 461--464},
  author={Schwarz, G},
  journal={URL: http://dx. doi. org/10.1214/aos/1176344136},
  year={1978}
}

@misc{mcdonald1982interactive,
  title={Interactive Projection Pursuit regression', 16mm Film produced by Bin* 88 Productions, Project ORION},
  author={McDonald, JA and Stuetzle, W and Friedman, JHF},
  year={1982},
  publisher={Stanford Linear Accelerator}
}

@article{dikta1990bootstrap,
  title={Bootstrap approximation of nearest neighbor regression function estimates},
  author={Dikta, Gerhard},
  journal={Journal of multivariate analysis},
  volume={32},
  number={2},
  pages={213--229},
  year={1990},
  publisher={Elsevier}
}

@article{bosch1995convergent,
  title={A convergent algorithm for quantile regression with smoothing splines},
  author={Bosch, Ronald J and Ye, Yinyu and Woodworth, George G},
  journal={Computational statistics \& data analysis},
  volume={19},
  number={6},
  pages={613--630},
  year={1995},
  publisher={Elsevier}
}

@article{Yang2012,
	Author = {Yang, Yunwen and Xuming He},
	Date-Added = {2018-04-01 22:24:34 +0000},
	Date-Modified = {2018-04-01 22:25:32 +0000},
	Journal = {The Annals of Statistics},
	Number = {2},
	Pages = {1102-1131},
	Title = {Bayesian empirical likelihood for quantile regression},
	Volume = {40},
	Year = {2012}}
	
	
@article{yuan2006gacv,
  title={GACV for quantile smoothing splines},
  author={Yuan, Ming},
  journal={Computational statistics \& data analysis},
  volume={50},
  number={3},
  pages={813--829},
  year={2006},
  publisher={Elsevier}
}

@article{reiss2012smoothness,
  title={Smoothness selection for penalized quantile regression splines},
  author={Reiss, Philip T and Huang, Lei},
  journal={The international journal of biostatistics},
  volume={8},
  number={1},
  year={2012}
}

@article{bickel2008choice,
  title={On the choice of m in the m out of n bootstrap and confidence bounds for extrema},
  author={Bickel, Peter J and Sakov, Anat},
  journal={Statistica Sinica},
  pages={967--985},
  year={2008},
  publisher={JSTOR}
}

@article{hardle1991bootstrap,
  title={Bootstrap simultaneous error bars for nonparametric regression},
  author={Hardle, Wolfgang and Marron, JS},
  journal={The Annals of Statistics},
  pages={778--796},
  year={1991},
  publisher={JSTOR}
}

@article{kleiner2014scalable,
  title={A scalable bootstrap for massive data},
  author={Kleiner, Ariel and Talwalkar, Ameet and Sarkar, Purnamrita and Jordan, Michael I},
  journal={Journal of the Royal Statistical Society: Series B (Statistical Methodology)},
  volume={76},
  number={4},
  pages={795--816},
  year={2014},
  publisher={Wiley Online Library}
}

@misc{koenker2007quantreg,
  title={quantreg: Quantile Regression. R package version 4.10},
  author={Koenker, Roger},
  year={2007}
}

@article{hansen1998triogram,
  title={Triogram models},
  author={Hansen, Mark and Kooperberg, Charles and Sardy, Sylvain},
  journal={Journal of the American Statistical Association},
  volume={93},
  number={441},
  pages={101--119},
  year={1998},
  publisher={Taylor \& Francis Group}
}

@inproceedings{IPCCAR5WG1SPM:2013,
   author = {IPCC},
   title = {Summary for Policymakers},
   booktitle = {Climate Change 2013: The Physical Science Basis. Contribution of Working Group I to the Fifth Assessment Report of the Intergovernmental Panel on Climate Change},
   editor = {Stocker, T.F. and Qin, D. and Plattner, G.-K. and Tignor, M. and Allen, S.K. and Boschung, J. and Nauels, A. and Xia, Y. and Bex, V. and Midgley, P.M.},
   publisher = {Cambridge University Press},
   address = {Cambridge, United Kingdom and New York, NY, USA},
   chapter = {SPM},
   pages = {1â€š30},
   ISBN = {ISBN 978-1-107-66182-0},
   DOI = {10.1017/CBO9781107415324.004},
   year = {2013}
}

@article{gent2011community,
  title={The community climate system model version 4},
  author={Gent, Peter R and Danabasoglu, Gokhan and Donner, Leo J and Holland, Marika M and Hunke, Elizabeth C and Jayne, Steve R and Lawrence, David M and Neale, Richard B and Rasch, Philip J and Vertenstein, Mariana and others},
  journal={Journal of Climate},
  volume={24},
  number={19},
  pages={4973--4991},
  year={2011}
}

@article{koenker2005frisch,
  title={A Frisch-Newton algorithm for sparse quantile regression},
  author={Koenker, Roger and Ng, Pin},
  journal={Acta Mathematicae Applicatae Sinica (English Series)},
  volume={21},
  number={2},
  pages={225--236},
  year={2005},
  publisher={Springer}
}

@article{koenker2005inequality,
  title={Inequality constrained quantile regression},
  author={Koenker, Roger and Ng, Pin},
  journal={Sankhy{\=a}: The Indian Journal of Statistics},
  pages={418--440},
  year={2005},
  publisher={JSTOR}
}

@article{koenker2004penalized,
  title={Penalized triograms: Total variation regularization for bivariate smoothing},
  author={Koenker, Roger and Mizera, Ivan},
  journal={Journal of the Royal Statistical Society: Series B (Statistical Methodology)},
  volume={66},
  number={1},
  pages={145--163},
  year={2004},
  publisher={Wiley Online Library}
}

@article{serrin1961definition,
  title={On the definition and properties of certain variational integrals},
  author={Serrin, James},
  journal={Transactions of the American Mathematical Society},
  volume={101},
  number={1},
  pages={139--167},
  year={1961},
  publisher={JSTOR}
}

@article{koenker2011additive,
  title={Additive models for quantile regression: Model selection and confidence bandaids},
  author={Koenker, Roger and others},
  journal={Brazilian Journal of Probability and Statistics},
  volume={25},
  number={3},
  pages={239--262},
  year={2011},
  publisher={Brazilian Statistical Association}
}

@book{hall2013bootstrap,
  title={The bootstrap and Edgeworth expansion},
  author={Hall, Peter},
  year={2013},
  publisher={Springer Science \& Business Media}
}

@article{koenker1978regression,
  title={Regression quantiles},
  author={Koenker, Roger and Bassett Jr, Gilbert},
  journal={Econometrica: journal of the Econometric Society},
  pages={33--50},
  year={1978},
  publisher={JSTOR}
}

@article{nychka1995nonparametric,
  title={A nonparametric regression approach to syringe grading for quality improvement},
  author={Nychka, Doug and Gray, Gerry and Haaland, Perry and Martin, David and O'connell, Michael},
  journal={Journal of the American Statistical Association},
  volume={90},
  number={432},
  pages={1171--1178},
  year={1995},
  publisher={Taylor \& Francis}
}

@book{ramsay2006functional,
  title={Functional data analysis},
  author={Ramsay, James O},
  year={2006},
  publisher={Wiley Online Library}
}

@article{oh2004period,
  title={Period analysis of variable stars by robust smoothing},
  author={Oh, Hee-Seok and Nychka, Doug and Brown, Tim and Charbonneau, Paul},
  journal={Journal of the Royal Statistical Society: Series C (Applied Statistics)},
  volume={53},
  number={1},
  pages={15--30},
  year={2004},
  publisher={Wiley Online Library}
}

@article{thrasher2012bias,
  title={Bias correcting climate model simulated daily temperature extremes with quantile mapping},
  author={Thrasher, Bridget and Maurer, Edwin P and McKellar, C and Duffy, PB},
  journal={Hydrology and Earth System Sciences},
  volume={16},
  number={9},
  pages={3309},
  year={2012},
  publisher={Copernicus GmbH}
}

@article{van2011representative,
  title={The representative concentration pathways: an overview},
  author={Van Vuuren, Detlef P and Edmonds, Jae and Kainuma, Mikiko and Riahi, Keywan and Thomson, Allison and Hibbard, Kathy and Hurtt, George C and Kram, Tom and Krey, Volker and Lamarque, Jean-Francois and others},
  journal={Climatic change},
  volume={109},
  number={1-2},
  pages={5},
  year={2011},
  publisher={Springer}
}